<?xml version="1.0" encoding="UTF-8"?><collection><record><leader>03373ntm a2200457 a 4500</leader><controlfield tag="001">002563049</controlfield><controlfield tag="003">MiAaHDL</controlfield><controlfield tag="005">20190719000000.0</controlfield><controlfield tag="006">m        d        </controlfield><controlfield tag="007">cr bn ---auaua</controlfield><controlfield tag="008">920923s16uu    xx            00||  ara d</controlfield><datafield tag="035" ind1=" " ind2=" "><subfield code="a">(MiU)002563049</subfield></datafield><datafield tag="035" ind1=" " ind2=" "><subfield code="a">sdr-miu002563049</subfield></datafield><datafield tag="035" ind1=" " ind2=" "><subfield code="a">(OCoLC)706055682</subfield></datafield><datafield tag="035" ind1=" " ind2=" "><subfield code="a">(RLIN)MIUH92-A2</subfield></datafield><datafield tag="040" ind1=" " ind2=" "><subfield code="a">MiU</subfield><subfield code="c">MiU</subfield><subfield code="e">appm</subfield><subfield code="d">MiU</subfield></datafield><datafield tag="100" ind1="1" ind2=" "><subfield code="6">880-01</subfield><subfield code="a">Ibn al-Majdī, Shihāb al-Dīn Abū al-ʻAbbās Aḥmad ibn Rajab al-Qāhirī,</subfield><subfield code="d">1365-1447.</subfield></datafield><datafield tag="245" ind1="1" ind2="0"><subfield code="6">880-02</subfield><subfield code="a">Irshād al-sāʾil ilá uṣūl al-masāʾil :</subfield><subfield code="k">manuscript,</subfield><subfield code="f">[late 17th century?].</subfield></datafield><datafield tag="300" ind1=" " ind2=" "><subfield code="a">1</subfield><subfield code="f">v. ([170] p.) :</subfield><subfield code="b">ill. ;</subfield><subfield code="c">26 cm.</subfield></datafield><datafield tag="500" ind1=" " ind2=" "><subfield code="a">Watermarks: Andrea Galvani of Pordenone; three crescents; cursive initials TMC. For the first two see Edward Heawood, Watermarks, Mainly of the 17th and 18th Centuries (Hilversum, 1950), pp. 24 and 36 and no. 860.</subfield></datafield><datafield tag="500" ind1=" " ind2=" "><subfield code="a">Contains geometrical diagrams.</subfield></datafield><datafield tag="500" ind1=" " ind2=" "><subfield code="a">Text rubricated; copy incomplete, diagrams for last two signatures not present; dealer's (?) note in pencil on front of manuscript: Irshād al-sāʾil ilá uṣūl al-masāʾil sharḥ risālat Sibṭ al-Māridīnī fī ʻilm al-mīqāt sumiya al-Durr al-manthūr fī al-ʻamal bi-rubʻ al-dustūr.</subfield></datafield><datafield tag="510" ind1="4" ind2=" "><subfield code="a">GAL,</subfield><subfield code="c">v. II, p. 159; GAL, Suppl. II, p. 158; King, Survey, p. 73</subfield></datafield><datafield tag="520" ind1="8" ind2=" "><subfield code="a">On sundials and the quadrant.</subfield></datafield><datafield tag="520" ind1=" " ind2=" "><subfield code="a">"A commentary on al-Durr al-manthūr fī al-ʻamal bi-rubʻ al-dustūr of ʻAbd Allāh ibn Khalīl ibn Yūsuf, al-Māridīnī (see [Mich. Isl. Ms.] 689).... The last two quires in the manuscript do not appear to belong to it.... Whether the text is the same has not been determined." Cataloging by Elinor M. Husselman, 1945.</subfield></datafield><datafield tag="530" ind1=" " ind2=" "><subfield code="a">Microfilm available in repository.</subfield></datafield><datafield tag="538" ind1=" " ind2=" "><subfield code="a">Mode of access: Internet.</subfield></datafield><datafield tag="541" ind1=" " ind2=" "><subfield code="d">07/--/36</subfield><subfield code="3">Manuscript</subfield><subfield code="a">McGregor Fund</subfield><subfield code="c">Purchase, 1933/34</subfield><subfield code="h">35 p.t.</subfield></datafield><datafield tag="545" ind1=" " ind2=" "><subfield code="a">Egyptian astronomer.</subfield></datafield><datafield tag="561" ind1=" " ind2=" "><subfield code="a">Purchased in Cairo, 1933/34. Owner's mark: on front of manuscript; manuscript notes in handwriting of Max Meyerhof.</subfield></datafield><datafield tag="600" ind1="1" ind2="4"><subfield code="6">880-03</subfield><subfield code="a">Māridīnī, Jamāl al-Dīn ʻAbd Allāh ibn Khalīl al-Qāhirī,</subfield><subfield code="d">d. 1406.</subfield><subfield code="t">Durr al-manthūr fī al-ʻamal bi-rubʻ al-dustūr.</subfield></datafield><datafield tag="650" ind1=" " ind2="0"><subfield code="a">Quadrants (Astronomical instruments)</subfield><subfield code="v">Early works to 1800.</subfield></datafield><datafield tag="650" ind1=" " ind2="0"><subfield code="a">Sundials</subfield><subfield code="y">Early works to 1800.</subfield></datafield><datafield tag="650" ind1=" " ind2="0"><subfield code="a">Astronomy, Arab</subfield><subfield code="y">Early works to 1800.</subfield></datafield><datafield tag="650" ind1=" " ind2="0"><subfield code="a">Manuscripts, Arabic</subfield><subfield code="z">Michigan</subfield><subfield code="z">Ann Arbor.</subfield></datafield><datafield tag="700" ind1="1" ind2=" "><subfield code="6">880-04</subfield><subfield code="a">Māridīnī, Jamāl al-Dīn ʻAbd Allāh ibn Khalīl al-Qāhirī,</subfield><subfield code="d">d. 1406.</subfield><subfield code="t">Durr al-manthūr fī al-ʻamal bi-rubʻ al-dustūr.</subfield></datafield><datafield tag="700" ind1="1" ind2=" "><subfield code="a">Meyerhof, Max,</subfield><subfield code="d">1874-1945,</subfield><subfield code="e">former owner.</subfield></datafield><datafield tag="773" ind1="0" ind2=" "><subfield code="7">unbc</subfield><subfield code="a">Tracy W. McGregor Collection of Arabic, Persian, and Turkish Mathematical and Astronomical Manuscripts.</subfield><subfield code="w">(CStRLIN)MIUH92-A20.</subfield></datafield><datafield tag="880" ind1="0" ind2=" "><subfield code="6">700-04/</subfield><subfield code="a">جمال الدين عبد الله بن خليل القاهري المارديني.</subfield><subfield code="t">در المنثور في العمل بربع الدستور.</subfield></datafield><datafield tag="880" ind1="0" ind2="4"><subfield code="6">600-03/</subfield><subfield code="a">جمال الدين عبد الله بن خليل القاهري المارديني.</subfield><subfield code="t">در المنثور في العمل بربع الدستور.</subfield></datafield><datafield tag="880" ind1="1" ind2="0"><subfield code="6">245-02/</subfield><subfield code="a">إرشاد السائل إلى أصول المسائل :</subfield><subfield code="k">manuscript،</subfield><subfield code="f">[اواخر القرن 17م؟].</subfield></datafield><datafield tag="880" ind1="0" ind2=" "><subfield code="6">100-01/</subfield><subfield code="a">شهاب الدين أبو العباس أحمد بن رجب القاهري بن المجدي.</subfield></datafield><datafield tag="CID" ind1=" " ind2=" "><subfield code="a">002563049</subfield></datafield><datafield tag="DAT" ind1="0" ind2=" "><subfield code="a">20190719102632.0</subfield><subfield code="b">20190719000000.0</subfield></datafield><datafield tag="DAT" ind1="1" ind2=" "><subfield code="a">20190719090653.0</subfield><subfield code="b">2019-07-19T16:10:30Z</subfield></datafield><datafield tag="DAT" ind1="2" ind2=" "><subfield code="a">2015-10-02T18:00:03Z</subfield></datafield><datafield tag="CAT" ind1=" " ind2=" "><subfield code="a">SDR-MIU</subfield><subfield code="d">EX LIBRIS - ALEPH</subfield><subfield code="l">prepare.pl-004-008</subfield></datafield><datafield tag="FMT" ind1=" " ind2=" "><subfield code="a">BK</subfield></datafield><datafield tag="HOL" ind1=" " ind2=" "><subfield code="0">sdr-miu002563049</subfield><subfield code="a">MiU</subfield><subfield code="b">SDR</subfield><subfield code="c">MIU</subfield><subfield code="p">mdp.39015081446646</subfield><subfield code="s">MIU</subfield><subfield code="1">002563049</subfield></datafield><datafield tag="974" ind1=" " ind2=" "><subfield code="b">MIU</subfield><subfield code="c">MIU</subfield><subfield code="d">20190719</subfield><subfield code="s">lit-dlps-dc</subfield><subfield code="u">mdp.39015081446646</subfield><subfield code="y">1699</subfield><subfield code="r">pd</subfield><subfield code="q">bib</subfield><subfield code="t">non-US bib date1 &lt; 1896</subfield></datafield></record></collection>